@string{I = {Ind. Eng. Chem. Res.}}%
@string{F = {Fuel}}%
@string{EF = {Energy \& Fuels}} %
@string{CF = {Comb. \& Flame}}%
@string{EST = {Environ. Sci. Technol.}} %
@string{JAP = {J. Appl.Polym. Sci.}} %
@string{CJC = { Can. J. Chem. Eng.}} %
@string{JAA ={J. Anal. Appl. Pyrolysis.}} %
@string{JPS = {J. Polym. Sci. A}}%
@string{CST = {Combust. Sci. Tech.}} %
@string{C = {Carbon}}%
@string{Aiche = {AIChE J.}}%
@string{CES = {Chem. Eng. Sci.}}%
@string{JFM ={ J. Fluid. Mech.}}%

@INPROCEEDINGS{AG01,
author = {Antal, M.J.J.},
title = {Biomass Pyrolysis: A Review of the Literature Part 1 - Carbohydrate Pyrolysis},
booktitle = {Advances in Solar Energy Vol. 1 American Solar Energy Society},
year = {1982},
pages = {61-111}
}
@ARTICLE{AG12,
 author={Thurner, F. and Mann, U.},
 title={Kinetic Investigation of Wood Pyrolysis},
 journal= I,
 volume={20},
 year={1981},
 pages={482-488}
 }
@TECHREPORT{AG52,
  author ={Rinc\'{o}n, S.L.},
  title ={Herstellung von Aktivkohle aus Biogenen Reststoffen zum Einsatz in der Rauchgasreinigung},
  institution ={Institut f\"{u}r Thermische Energietechnik, Universit\"{a}t Kassel},
  year ={1999},
  pages={38},
}
@PHDTHESIS{AG70,
 author={Wiest, W.},
 title={Zur Pyrolyse von Biomasse im Drehrohrreaktor},
 school={Universit\"{a}t Gesamthochschule Kassel},
 type={Tesis de Doctorado},
 year={1998},
 address={Kassel}
 }
@BOOK{AG08a,
 author={Gregg, S.J. and Sing, K.S.W.},
 title={Adsorption, Surface Area and Porosity},
 publisher={Academic Press},
 address={London},
 year={1982},
 }
@BOOK{AG09a,
 editor={Marsh, H. and Heintz E.A. and Rodriguez-Reinoso, F.},
 title={Introduction to Carbon Technologies},
 publisher={Universidad de Alicante},
 address={Alicante},
 year={1997},
 }
@MASTERSTHESIS{AG36a,
 author={G\'{o}mez, Adriana},
 title={Investigaci\'{o}n del Proceso de Gasificaci\'{o}n de Biomasa en un Gasificador en Paralelo},
 school={Universidad Nacional de Colombia},
 year={2002},
 }
@MISC{AG01i,
 author={International Energy Agency, IEA},
 title={Needs for Renewables 2001: Developing a New Generation of Sustainable Energy Technologies},
 year={2001},
 pages={48}
 }
@MISC{AG02i,
 author={International Energy Agency, IEA},
 title={Renewables in Global Energy Supply},
 year={2007},
 pages={34}
 }
@BOOK{AG03p,
 author={Franke, G.},
 title={Nutzpflanzen der Tropen und Subtropen},
 publisher={UTB},
 address={Stuttgart},
 year={1994},
 }
@BOOK{AG04p,
 author={Hartley, C.W.S.},
 title={The Oil Palm},
 publisher={Longman},
 address={London},
 year={1977},
 }






@article{Ferrari2,
  author =  {S. Ferrari and F. Cribari-Neto},
  title =  {Beta regression for modelling rates and proportions},
journal = {Journal of applied statistics},
   year = {2004},
  fjournal = {},
  volume = {31},
  number = {7},
  pages = {799-815},
  publisher = {},
}

@article{Stasinopoulos1,
  author =  {B. Rigby  and M. Stasinopoulos},
  title =  { Instructions on how to use the gamlss package in R},
journal = {Computational statistics and Data analysis},
   year = {2008},
  fjournal = {},
  volume = {2},
  number = {},
  pages = {194-195},
  publisher = {},
}

@article{Barndorff1,
  author =  { B. J{\o}rgensen and Barndorff-Nielsen},
  title =  {Some parametric models on the simplex},
journal = {Journal of multivariate analysis},
   year = {1991},
  fjournal = {},
  volume = {39},
  number = {1},
  pages = {106-116},
  publisher = {},
}

@article{Hahn1,
  author =  { E. Hahn},
  title =  {Mixture densities for project management activity times: A robust approach to PERT},
journal = {European Journal of operational research},
   year = {2008},
  fjournal = {},
  volume = {188},
  number = {2},
  pages = {450-459},
  publisher = {},
}

@article{Hossain1,
  author =  {A. Hossain},
  title =  {Modelling a proportion response variable using generalized additive models for location scale and shape},
journal = {International Workshop on Statistical Modelling},
   year = {2015},
  fjournal = {University Linz. 6-10 Julio 2015. IWSM 2015},
  volume = {2},
  number = {},
  pages = {137-140},
  publisher = {},
}

@article{Zhang1,
  author =  {P. Zhang and Z. Qiu and C. Shi},
  title =  {simplexreg: An \proglang{R} package for regression analysis of proportional data using the simplex distribution},
journal = {Journal of Statistical Sftware},
   year = {2016},
  fjournal = {},
  volume = {71},
  number = {11},
  pages = {},
  publisher = {},
}

@article{Jorgensen1,
  author =  {B. J{\o}rgensen},
  title =  {The theory of dispersion models},
journal = {Computational statistics and Data analysis},
   year = {1997},
  fjournal = {},
  volume = {76},
  number = {},
  pages = {},
  publisher = { CRC Press},
}

@article{Pace1,
author = {L. Pace and A. Salvan},
title = {Principles of statistical inference from a Neo-Fisherian perspective. In: Advanced series on statistical science and applied probability},
journal = {World Scientific},
volume = {4},
number = {},
pages = {128},
year = {1997},
}

@mastersthesis{Owen1,
     title = {Parameter estimation for the beta distribution},
     author = {C. Owen},
     School={Brigham young university},
     year = {2008},
    }

@article{Stasinopoulos2,
  author =  {B. Rigby and M. Stasinopoulos},
  title =  {Generalized additive models for location, scale and shape},
journal = {Applied Statistical},
   year = {2005},
  fjournal = {},
  volume = {54},
  number = {3},
  pages = {507-554},
  publisher = {},
}

@article{Ospina2,
  author =  {R. Ospina and S. Ferrari},
  title =  {Inflated beta distributions online: doi:10.1007/s00362-008-0125-4},
journal = {Statitical papers},
   year = {2010},
  fjournal = {},
  volume = {},
  number = {},
  pages = {},
  publisher = {},
}

@article{Ospina1,
  author =  {R. Ospina and S. Ferrari},
  title =  {A general class of zero-or-one inflated beta regression models},
journal = {Computational Statistics and Data Analysis},
   year = {2012},
  fjournal = {},
  volume = {56},
  number = {6},
  pages = {1609-1623},
  publisher = {},
}

@article{Kosmidis1,
  author =  {I. Kosmidis and A. Zou and K. Jagan},
  title =  {Beyond beta regression: modelling percentages and fractions in the presence of boundary observations},
journal = {International Workshop on Statistical Modelling},
   year = {2015},
  fjournal = {University Linz. 6-10 Julio 2015. IWSM 2015},
  volume = {1},
  number = {},
  pages = {267-272},
  publisher = {},
}

@phdthesis{Galvis1,
     title = {Bayesian analysis of regression models for proportional data in the presence of zeros and ones},
     author = {D. Galvis and V. Lachos},
     School={Estatal University of Campinas},
     year = {2014},
    }

@article{Zeileis1,
  author = {A. Zeileis and F. Cribari-Neto and B. Gr{\"u}n},
  title = {Beta regression in \proglang{R}},
journal = {Journal of statistical software},
   year = {2010},
  fjournal = {},
  volume = {34},
  number = {2},
  pages = {1-24},
  publisher = {},
}

@article{Qiu1,
  author =  {Z. Qiu and P. Song and M. Tan},
  title =  {Simplex mixed-effects models for longitudinal proportional data},
journal = {Scandinavian Journal of Statistics},
   year = {2008},
  fjournal = {},
  volume = {35},
  number = {4},
  pages = {577-596},
  publisher = {},
}

   @Manual{R,
     title = {\proglang{R}: A Language and Environment for Statistical Computing},
     author = {{\proglang{R} Core Team}},
     organization = {R Foundation for Statistical Computing},
     address = {Vienna, Austria},
     year = {2017},
     url = {http://www.R-project.org/},
   }


@article{Paolino1,
  author =  {P. Paolino},
  title =  {Maximum likelihood estimation of models with beta-distributed dependent variables},
journal = {Polotical Analysis},
   year = {2001},
  fjournal = {},
  volume = {9},
  number = {4},
  pages = {325-346},
  publisher = {},
}

@article{Zhang2,
  author =  {P. Zhang and Z. Qiu},
  title =  {Regression analysis of proportional data using simplex distribution},
journal = {Scientia Sinica Mathematica},
   year = {2014},
  fjournal = {},
  volume = {44},
  number = {1},
  pages = {89-104},
  publisher = {},
}

@article{andrade07,
  author =  {A.C.G de Andrade},
  title =  {Efeitos da especifica\c{c}{\~a}o incorreta da fun\c{c}{\~a}o deliga\c{c}{\~a}o no modelo derregress{\~a}o beta. Disseta\c{c}{\~a}o de Mestrado},
journal = {Instituto de Matem\'{a}tica e Estat\'{\i}stica},
   year = {2007},
  fjournal = {Universidade de S{\~a}o Paulo},
  volume = {},
  number = {},
  pages = {},
  publisher = {},
}

@article{Laird1,
  author =  {N. Laird and J. Ware},
  title =  {Random-effects models for longitudinal data},
journal = {Biometrics},
   year = {1982},
  fjournal = {},
  volume = {38},
  number = {4},
  pages = {963-974},
  publisher = {},
}

@article{Verkuilen1,
  author =  {J. Verkuilen and M. Smithson},
  title =  {Mixed and mixture regression model for continuos bounded responses using the beta distribution},
journal = {Journal of education and behavioral statistics},
   year = {2012},
  fjournal = {},
  volume = {37},
  number = {1},
  pages = {82-113},
  publisher = {},
}

@article{Bonat1,
  author =  {W. Bonat and P. Ribeiro and W. Zeviani},
  title =  {Modelo beta com efeitos aleat{\'o}rios},
journal = {},
   year = {2012},
  fjournal = {},
  volume = {},
  number = {},
  pages = {},
  publisher = {},
}

@article{Figueroa1,
  author =  {Z. Figueroa-Zu{\~n}iga and R. arellano and S. Ferrari},
  title =  {Mixed beta regression: a bayesian perspective},
journal = {Computational Statistics \& Data Analysis},
   year = {2013},
  fjournal = {},
  volume = {61},
  number = {Supplement C},
  pages = {137 - 147},
  publisher = {},
}

@phdthesis{Usuga1,
     title = {Modelos de regress{\~a}o beta com efeitos aleat{\'o}rios normais e n{\~a}o normais para datos longitudinais},
     author = {O. Usuga and V. Giampaoli},
     School={Universidade de S{\~a}o Paulo},
     year = {2013},
    }

@article{Song1,
  author =  {P. Song and Z. Qi and M. Tan},
  title =  {Modelling heterogeneous dispersion in marginal models for longitudinal proportional data},
journal = {Biometrical Journal},
   year = {2004},
  fjournal = {},
  volume = {46},
  number = {5},
  pages = {540-533},
  publisher = {},
}

@article{Bonat2,
author = {W. Bonat and P. Ribeiro and W. Zeviani},
title = {Likelihood analysis for a class of beta mixed models},
journal = {Journal of Applied Statistics online: doi:10.1080/02664763.2014.947248},
volume = {42},
number = {2},
pages = {252-266},
year = {2015},
}

@book{Fahrmeir1,
  title={Multivariate statistical modelling based on generalized linear models},
  author={L. Fahrmeir and G. Tutz},
  publisher={Springer},
  year={2001},
}

@article{Liu1,
  author =  {Q. Liu and D. Pierce},
  title =  {A note on Gauss-Hermite quadrature},
journal = {Biometrika},
   year = {1994},
  fjournal = {},
  volume = {81},
  number = {3},
  pages = {624-629},
  publisher = {},
}

@article{Smithson1,
  author =  {M. Smithson and J. Verkuilen},
  title =  {A better lemon squeezer? maximum-likelihood regression with beta-distributed dependent variables},
journal = {Psychological Methods},
   year = {2006},
  fjournal = {},
  volume = {11},
  number = {1},
  pages = {54-71},
  publisher = {},
}

@article{Hernandez1,
  author =  {F. Hern\'andez and O. Usuga and V. Giampaoli},
  title =  {Improving the adaptive gaussian quadrature},
journal = {},
   year = {2013},
  fjournal = {},
  volume = {},
  number = {},
  pages = {},
  publisher = {},
}

@article{Pinheiro1,
  author =  {J. Pinheiro and D. Bates},
  title =  {Apprximations to the log-likelihood function in the nonlinear mixed-effects model},
journal = {Journal of Computational and Grapchical Statistics},
   year = {1995},
  fjournal = {},
  volume = {4},
  number = {1},
  pages = {12-35},
  publisher = {},
}


@article{Ogden1,
  author =  {H. Ogden},
  title =  {A sequential reduction method for inference in generalized linear mixed models},
journal = {Electronic Journal of Statistics},
   year = {2015},
  fjournal = {},
  volume = {9},
  number = {},
  pages = {135-152},
  publisher = {},
}

@article{Ferrari1,
  author =  {S. Ferrari and E. Pinheiro},
  title =  {Improved likelihood inference in beta regression},
journal = {Journal of statistical computation and simulation available online:doi:10.1080/00949650903389993},
   year = {2010},
  fjournal = {},
  volume = {},
  number = {},
  pages = {},
  publisher = {},
}

@article{Simas1,
  author =  {A. Simas and W. Barrero-Souza and A. Rocha},
  title =  {Improved estimators for a general class of beta regression models},
journal = {Computational statistics and Data analysis},
   year = {2010},
  fjournal = {},
  volume = {54},
  number = {},
  pages = {348-366},
  publisher = {},
}

@article{Seoane1,
  author =  {J. Seoane},
  title =  {{?`}Modelos mixtos (lineales)? Una introducci{\'o}n para el usuario temeroso},
journal = {Temas actuales de Etolog{\'i}a},
   year = {2014},
  fjournal = {},
  volume = {},
  number = {},
  pages = {},
  publisher = {Universidad Aut{\'o}noma de Madrid},
}

@article{Lindstrom1,
  author =  {M. Lindstrom and D. Bates},
  title =  {Newton-Raphson and EM algorithms for linear mixed-effects models for repeated-measures data},
journal = {Journal of the American Statistical Association},
   year = {1988},
  fjournal = {},
  volume = {83},
  number = {404},
  pages = {1014-1022},
  publisher = {},
}

@book{Evans1,
  title={Approximating integrals via Monte Carlo and deterministic methods},
  author={M. Evans and T. Swartz},
  publisher={Oxford University Press Inc.},
  year={2000},
}

@article{kieschnick1,
  author =  {R. Kieschnick and B. McCullough},
  title =  {Regression analysis of variates observed on (0,1):percentages, proportions, and fractions},
journal = {Statistical Modelling},
   year = {2003},
  fjournal = {},
  volume = {3},
  number = {3},
  pages = {193-213},
  publisher = {},
}

@article{Cook1,
  author =  {D. Cook and R. Kieschnick and B. McCullough},
  title =  {Regression analysis of proportions in finance with self selection},
journal = {Journal of Empirical Finance},
   year = {2008},
  fjournal = {},
  volume = {15},
  number = {},
  pages = {860-867},
  publisher = {},
}

@article{Houston1,
  author =  {J. Houston and C. James},
  title =  {Bank information monopolies and the mix of private and public debt claims},
journal = {Journal of Finance},
   year = {1996},
  fjournal = {},
  volume = {51},
  number = {},
  pages = {1863-1889},
  publisher = {},
}

@phdthesis{Venezuela1,
     title = {Equa{\c c}{\~a}o generalizada e influencia local para modelos de regress{\~a}o beta con medidas repetidas},
     author = {M. Venezuela},
     School={Universidade de S{\~a}o Paulo},
     year = {2008},
    }

@book{Git1,
  title={Pro Git},
  author={S. Chacon and B. Straub},
  publisher={Apress},
  year={2014},
}
