%% This BibTeX bibliography file was created using BibDesk.
%% http://bibdesk.sourceforge.net/


%% Created for Hanwen Zhang at 2014-11-25 11:43:31 -0500 


%% Saved with string encoding Unicode (UTF-8) 

@article{Ferrari2,
  author =  {S. Ferrari and F. Cribari-Neto},
  title =  {Beta regression for modelling rates and proportions},
journal = {Journal of applied statistics},
   year = {2004},
  fjournal = {},
  volume = {31},
  number = {7},
  pages = {799-815},
  publisher = {},
}

@article{Stasinopoulos1,
  author =  {B. Rigby  and M. Stasinopoulos},
  title =  { Instructions on how to use the gamlss package in R},
journal = {Computational statistics and Data analysis},
   year = {2008},
  fjournal = {},
  volume = {2},
  number = {},
  pages = {194-195},
  publisher = {},
}

@article{Barndorff1,
  author =  { B. J{\o}rgensen and Barndorff-Nielsen},
  title =  {Some parametric models on the simplex},
journal = {Journal of multivariate analysis},
   year = {1991},
  fjournal = {},
  volume = {39},
  number = {1},
  pages = {106-116},
  publisher = {},
}

@article{Hahn1,
  author =  { E. Hahn},
  title =  {Mixture densities for project management activity times: A robust approach to PERT},
journal = {European Journal of operational research},
   year = {2008},
  fjournal = {},
  volume = {188},
  number = {2},
  pages = {450-459},
  publisher = {},
}

@article{Hossain1,
  author =  {A. Hossain},
  title =  {Modelling a proportion response variable using generalized additive models for location scale and shape},
journal = {International Workshop on Statistical Modelling},
   year = {2015},
  fjournal = {University Linz. 6-10 Julio 2015. IWSM 2015},
  volume = {2},
  number = {},
  pages = {137-140},
  publisher = {},
}

@article{Zhang1,
  author =  {P. Zhang and Z. Qiu and C. Shi},
  title =  {simplexreg: An R package for regression analysis of proportional data using the simplex distribution},
journal = {Journal of Statistical Sftware},
   year = {2016},
  fjournal = {},
  volume = {71},
  number = {11},
  pages = {},
  publisher = {},
}

@article{Jorgensen1,
  author =  {B. J{\o}rgensen},
  title =  {The theory of dispersion models},
journal = {Computational statistics and Data analysis},
   year = {1997},
  fjournal = {},
  volume = {76},
  number = {},
  pages = {},
  publisher = { CRC Press},
}

@article{Pace1,
author = {L. Pace and A. Salvan},
title = {Principles of statistical inference from a Neo-Fisherian perspective. In: Advanced series on statistical science and applied probability},
journal = {World Scientific},
volume = {4},
number = {},
pages = {128},
year = {1997},
}

@mastersthesis{Owen1,
     title = {Parameter estimation for the beta distribution},
     author = {C. Owen},
     School={Brigham young university},
     year = {2008},
    }

@article{Stasinopoulos2,
  author =  {B. Rigby and M. Stasinopoulos},
  title =  {Generalized additive models for location, scale and shape},
journal = {Applied Statistical},
   year = {2005},
  fjournal = {},
  volume = {54},
  number = {3},
  pages = {507-554},
  publisher = {},
}

@article{Ospina2,
  author =  {R. Ospina and S. Ferrari},
  title =  {Inflated beta distributions online: doi:10.1007/s00362-008-0125-4},
journal = {Statitical papers},
   year = {2010},
  fjournal = {},
  volume = {},
  number = {},
  pages = {},
  publisher = {},
}

@article{Ospina1,
  author =  {R. Ospina and S. Ferrari},
  title =  {A general class of zero-or-one inflated beta regression models},
journal = {Computational Statistics and Data Analysis},
   year = {2012},
  fjournal = {},
  volume = {56},
  number = {6},
  pages = {1609-1623},
  publisher = {},
}

@article{Kosmidis1,
  author =  {I. Kosmidis and A. Zou and K. Jagan},
  title =  {Beyond beta regression: modelling percentages and fractions in the presence of boundary observations},
journal = {International Workshop on Statistical Modelling},
   year = {2015},
  fjournal = {University Linz. 6-10 Julio 2015. IWSM 2015},
  volume = {1},
  number = {},
  pages = {267-272},
  publisher = {},
}

@phdthesis{Galvis1,
     title = {Bayesian analysis of regression models for proportional data in the presence of zeros and ones},
     author = {D. Galvis and V. Lachos},
     School={Estatal University of Campinas},
     year = {2014},
    }

@article{Zeileis1,
  author = {A. Zeileis and F. Cribari-Neto and B. Gr{\"u}n},
  title = {Beta regression in R},
journal = {Journal of statistical software},
   year = {2010},
  fjournal = {},
  volume = {34},
  number = {2},
  pages = {1-24},
  publisher = {},
}

@article{Qiu1,
  author =  {Z. Qiu and P. Song and M. Tan},
  title =  {Simplex mixed-effects models for longitudinal proportional data},
journal = {Scandinavian Journal of Statistics},
   year = {2008},
  fjournal = {},
  volume = {35},
  number = {4},
  pages = {577-596},
  publisher = {},
}

   @Manual{R,
     title = {\proglang{R}: A Language and Environment for Statistical Computing},
     author = {{\proglang{R} Core Team}},
     organization = {R Foundation for Statistical Computing},
     address = {Vienna, Austria},
     year = {2018},
     url = {http://www.R-project.org/},
   }

@phdthesis{Usuga1,
     title = {Modelos de regress{\~a}o beta com efeitos aleat{\'o}rios normais e n{\~a}o normais para datos longitudinais},
     author = {O. Usuga and V. Giampaoli},
     School={Universidade de S{\~a}o Paulo},
     year = {2013},
    }